@phdthesis{dash2005seawifs,
	title={SeaWiFS algorithm for mapping phycocyanin in incipient freshwater cyanobacterial blooms},
	author={Dash, Padmanava},
	year={2005},
	school={Bowling Green State University}
}

@article{dash2015water,
	title={Water quality of four major lakes in Mississippi, USA: impacts on human and aquatic ecosystem health},
	author={Dash, Padmanava and Silwal, Saurav and Ikenga, Julius O and Pinckney, James L and Arslan, Zikri and Lizotte, Richard E},
	journal={Water},
	volume={7},
	number={9},
	pages={4999--5030},
	year={2015},
	publisher={Multidisciplinary Digital Publishing Institute}
}

@article{dash2011estimation,
	title={Estimation of cyanobacterial pigments in a freshwater lake using OCM satellite data},
	author={Dash, Padmanava and Walker, Nan D and Mishra, Deepak R and Hu, Chuanmin and Pinckney, James L and D’Sa, Eurico J},
	journal={Remote sensing of environment},
	volume={115},
	number={12},
	pages={3409--3423},
	year={2011},
	publisher={Elsevier}
}

@article{ji2012observation,
	title={Roleofseaiceonsatellite-observedchlorophyll-a concentration variations during spring bloom in the East/Japan sea},
	author={Kyung-AePark, Chang-KeunKang, Kyung-RyulKim, Ji-EunPark},
	journal={Deep-Sea Research},
	volume={I},
	number={83},
	pages={34--44},
	year={2014},
	publisher={Elsevier}
}

@article{Seawifsres,
	title={An overview of the SeaWiFS Project},
	author={Stanford B. Hooker, Wayne E. Esaias},
	journal={Eos, Transactions American Geophysical Union},
	volume={74},
	number={21},
	pages={241--246},
	year={1993},
	publisher={Transactions American Geophysical Union}
}

@article{ji2012observation,
	title={Observation of diurnal variations in mesoscale eddy sea-surface currents using GOCI data},
	author={Ji-Eun Park, Kyung-Ae Park, David S. Ullman, Peter C. Cornillon and Young-Je Park},
	journal={REMOTE SENSING LETTERS},
	volume={7},
	number={12},
	pages={1131--1140},
	year={2016},
	publisher={Taylor & Francis Group}
}

@article{park2012comparison,
	title={Comparison of Composite Methods of Satellite Chlorophyll-a Concentration Data in the East Sea},
	author={Park, Kyung-Ae and Park, Ji-Eun and Lee, Min-Sun and Kang, Chang-Keun},
	journal={Korean Journal of Remote Sensing},
	volume={28},
	number={6},
	pages={635--651},
	year={2012},
	publisher={The Korean Society of Remote Sensing}
}


@article{kyung2013characteristics,
	title={Characteristics of satellite chlorophyll-a concentration speckles and a removal method in a composite process in the East/Japan Sea},
	author={Kyung-Ae Park, Hwa-Jeong Chae, Ji-Eun Park},
	journal={International Journal of Remote Sensing},
	volume={34},
	number={13},
	pages={635--651},
	year={2013},
	publisher={Taylor & Francis}
}

@article{chae2009characteristics,
	title={Characteristics of Speckle Errors of SeaWiFS Chlorophyll-$\alpha$ Concentration in the East Sea},
	author={Chae, Hwa-Jeong and Park, Kyung},
	journal={Journal of the Korean earth science society},
	volume={30},
	number={2},
	pages={234--246},
	year={2009},
	publisher={The Korean Earth Science Society}
}

@article{hu2001precise,
	title={How precise are SeaWiFS ocean color estimates? Implications of digitization-noise errors},
	author={Hu, Chuanmin and Carder, Kendall L and Muller-Karger, Frank E},
	journal={Remote Sensing of Environment},
	volume={76},
	number={2},
	pages={239--249},
	year={2001},
	publisher={Elsevier}
}

@article{hu2012chlorophyll,
	title={Chlorophyll aalgorithms for oligotrophic oceans: A novel approach based on three-band reflectance difference},
	author={Hu, Chuanmin and Lee, Zhongping and Franz, Bryan},
	journal={Journal of Geophysical Research: Oceans},
	volume={117},
	number={C1},
	year={2012},
	publisher={Wiley Online Library}
}

@article{o2000ocean,
	title={Ocean color chlorophyll a algorithms for SeaWiFS, OC2, and OC4: Version 4},
	author={O’Reilly, John E and Maritorena, Stephane and Siegel, David A and O’Brien, Margaret C and Toole, Dierdre and Mitchell, B Greg and Kahru, Mati and Chavez, Francisco P and Strutton, P and Cota, Glenn F and others},
	journal={SeaWiFS postlaunch calibration and validation analyses, Part},
	volume={3},
	pages={9--23},
	year={2000},
	publisher={NASA Tech. Memo}
}

@article{park2012comparison,
	title={Comparison of Composite Methods of Satellite Chlorophyll-a Concentration Data in the East Sea},
	author={Park, Kyung-Ae and Park, Ji-Eun and Lee, Min-Sun and Kang, Chang-Keun},
	journal={Korean Journal of Remote Sensing},
	volume={28},
	number={6},
	pages={635--651},
	year={2012},
	publisher={The Korean Society of Remote Sensing}
}

@article{yamada2004seasonal,
	title={Seasonal and interannual variability of sea surface chlorophyll a concentration in the Japan/East Sea (JES)},
	author={Yamada, Keiko and Ishizaka, Joji and Yoo, Sinjae and Kim, Hyun-cheol and Chiba, Sanae},
	journal={Progress in oceanography},
	volume={61},
	number={2},
	pages={193--211},
	year={2004},
	publisher={Elsevier}
}

@thesis{kimhc2016surface,
	author = {Kim, Hyun-chol},
	title = {(A) Study of surface chlorophyll variation in the Korean East Sea using ocean color remote sensing data},
	type = {Doctoral dissertation},
	institution = {Seoul National University},
	date = {2016},
	year={2006}
}

@manual{hooker1992An,
	author = {Hooker, S. B., W. E. Esaias, G. C. Feldman, W. W. Gregg, and C. R. McClain},
	ALTauthor = {Hooker, S. B., W. E. Esaias, G. C. Feldman, W. W. Gregg, and C. R. McClain},
	ALTeditor = {S. B. Hooker and E. R. Firestone},
	title = {An Overview of SeaWiFS and Ocean Color},
	date = {1992},
	year = {1992},
	OPTsubtitle = {In NASA Technical Memorandum 104566},
	volume={vol. 1},
	pages={193--211},
	publisher={MD: NASA Goddard Space Flight Center},
	OPTtype = {In NASA Technical Memorandum 104566},
	OPTlocation = {Greenbelt, MD}
}

@online{feldman2012ocean,
	author = {Feldman, G. C.},
	editor = {Feldman, G. C.},
	title = {Ocean Color Web},
	date = {August 20, 2012.},
	year = {2012},
	url = {http://www.oceancolor.gsfc.nasa.gov/},
	OPTsubtitle = {SeaWiFS Reprocessing 2009},
	OPTtitleaddon = {titleaddon},
	OPTlanguage = {language},
	OPTversion = {version},
	OPTnote = {note},
	OPTorganization = {NASA Goddard Space Flight Center},
	OPTdate = {date},
	OPTmonth = {month},
	OPTyear = {year},
	OPTaddendum = {addendum},
	OPTpubstate = {pubstate},
	OPTurldate = {August 20, 2012.}
}

@online{feldman2017ocean,
	author = {Feldman, G. C.},
	editor = {Feldman, G. C.},
	title = {Sea-viewing Wide Field-of-view Sensor (SeaWiFS) Ocean Color Data},
	date = {March, 20, 2017.},
	year = {2016},
	url = {https://oceancolor.gsfc.nasa.gov/products/},
	OPTsubtitle = {Level 1, 2, & 3 Definitions},
	OPTtitleaddon = {titleaddon},
	OPTlanguage = {language},
	OPTversion = {version},
	OPTnote = {note},
	OPTorganization = {NASA Goddard Space Flight Center},
	OPTdate = {date},
	OPTmonth = {month},
	OPTyear = {year},
	OPTaddendum = {addendum},
	OPTpubstate = {pubstate},
	OPTurldate = {April 20, 2016.}
}
@book{Algae,
	title={Dynamics of marine ecosystems: biological-physical interactions in the oceans},
	author={Mann, Kenneth Henry, and John RN Lazier},
	year={2013},
	publisher={John Wiley & Sons}
}
@online{NASASeaFiWSdata,
	author = {NASA Goddard Space Flight Center, Ocean Ecology Laboratory, Ocean Biology Processing Group},
	editor = {Feldman, G. C.},
	title = {Sea-viewing Wide Field-of-view Sensor (SeaWiFS) Ocean Color Data},
	date = {March, 20, 2017.},
	year = {2014},
	url = {https://oceancolor.gsfc.nasa.gov/products/},
	OPTsubtitle = {Level 1, 2, & 3 Definitions},
	OPTtitleaddon = {titleaddon},
	OPTlanguage = {language},
	OPTversion = {version},
	OPTnote = {note},
	OPTorganization = {NASA OB.DAAC},
	OPTdate = {date},
	OPTmonth = {month},
	OPTyear = {year},
	OPTaddendum = {addendum},
	OPTpubstate = {Greenbelt, MD, USA.},
	OPTurldate = {April 20, 2016.}
}

@online{feldman2013ocean,
	author = {Feldman, G. C.},
	editor = {editor},
	title = {Ocean Color Web},
	date = {August 20, 2012.},
	year = {2012},
	url = {http://oceancolor.gsfc.nasa.gov/WIKI/OCReproc20100SW.html},
	OPTsubtitle = {Ocean Color Data Reprocessing},
	OPTtitleaddon = {titleaddon},
	OPTlanguage = {language},
	OPTversion = {version},
	OPTnote = {note},
	OPTorganization = {NASA Goddard Space Flight Center},
	OPTdate = {date},
	OPTmonth = {month},
	OPTyear = {2012},
	OPTaddendum = {addendum},
	OPTpubstate = {pubstate},
	OPTurldate = {August 20, 2012.}
}

@online{feldman2017ocean,
	author = {Feldman, G. C.},
	editor = {editor},
	title = {Ocean Color Web},
	date = {June 1, 2017.},
	year = {2017},
	url = {https://oceancolor.gsfc.nasa.gov/reprocessing/r2014/seawifs/},
	OPTsubtitle = {Ocean Color Data Reprocessing},
	OPTtitleaddon = {titleaddon},
	OPTlanguage = {language},
	OPTversion = {version},
	OPTnote = {note},
	OPTorganization = {NASA Goddard Space Flight Center},
	OPTdate = {date},
	OPTmonth = {month},
	OPTyear = {2017},
	OPTaddendum = {addendum},
	OPTpubstate = {pubstate},
	OPTurldate = {June 1, 2017.}
}
